@incollection{doyen2014explicit,
  title={An explicit staggered finite volume scheme for the shallow water equations},
  author={Doyen, David and Gunawan, Putu Harry},
  booktitle={Finite Volumes for Complex Applications VII-Methods and Theoretical Aspects},
  pages={227--235},
  year={2014},
  publisher={Springer}
}
@article{gunawan2015hydrostatic,
  title={Hydrostatic relaxation scheme for the 1D shallow water-Exner equations in bedload transport},
  author={Gunawan, Putu Harry and Lh{\'e}brard, Xavier},
  journal={Computers \& Fluids},
  volume={121},
  pages={44--50},
  year={2015},
  publisher={Elsevier}
}
@book{toro2013riemann,
  title={Riemann solvers and numerical methods for fluid dynamics: a practical introduction},
  author={Toro, Eleuterio F},
  year={2013},
  publisher={Springer Science \& Business Media}
}